<record><leader>00000cas a22000007a 4500</leader><controlfield tag="001">15973298</controlfield><controlfield tag="008">870615d19461968iaudn ne      0    0eng d</controlfield><datafield ind1=" " ind2=" " tag="010"><subfield code="a">sn 88059321 </subfield></datafield><datafield ind1=" " ind2=" " tag="040"><subfield code="a">INP</subfield><subfield code="b">eng</subfield><subfield code="c">INP</subfield><subfield code="d">OCLCQ</subfield></datafield><datafield ind1=" " ind2=" " tag="042"><subfield code="a">msc</subfield></datafield><datafield ind1="0" ind2=" " tag="130"><subfield code="a">Daily record (Cedar Falls, Iowa)</subfield></datafield><datafield ind1="1" ind2="0" tag="245"><subfield code="a">Daily record.</subfield></datafield><datafield ind1="1" ind2="3" tag="246"><subfield code="a">Cedar Falls daily record</subfield></datafield><datafield ind1=" " ind2=" " tag="260"><subfield code="a">Cedar Falls, Iowa :</subfield><subfield code="b">W.V. Anthony,</subfield><subfield code="c">1946-1968.</subfield></datafield><datafield ind1=" " ind2=" " tag="300"><subfield code="a">25 v.</subfield></datafield><datafield ind1=" " ind2=" " tag="310"><subfield code="a">Daily (except Saturday and Sunday),</subfield><subfield code="b">&lt;Sept. 11, 1959&gt;-Sept. 13, 1968</subfield></datafield><datafield ind1=" " ind2=" " tag="321"><subfield code="a">Daily (except Sunday),</subfield><subfield code="b">Feb. 7, 1946</subfield></datafield><datafield ind1="0" ind2=" " tag="362"><subfield code="a">Vol. 44, no. 33 (Feb. 7, 1946)-v. 68, no. 185 (Sept. 13, 1968).</subfield></datafield><datafield ind1=" " ind2=" " tag="500"><subfield code="a">Publisher varies.</subfield></datafield><datafield ind1=" " ind2=" " tag="752"><subfield code="a">United States</subfield><subfield code="b">Iowa</subfield><subfield code="c">Black Hawk</subfield><subfield code="d">Cedar Falls.</subfield></datafield><datafield ind1="0" ind2="0" tag="780"><subfield code="t">Cedar Falls daily record</subfield><subfield code="w">(DLC)sn 88059396</subfield></datafield><datafield ind1="0" ind2="0" tag="785"><subfield code="t">Record (Cedar Falls, Iowa)</subfield><subfield code="w">(DLC)sn 88059506</subfield></datafield></record>